<?xml version="1.0" encoding="UTF-8"?><collection xmlns="http://www.loc.gov/MARC21/slim"><record><leader>00475nam--2200181-u-4500</leader><controlfield tag="001">000055405</controlfield><controlfield tag="002">20161230</controlfield><controlfield tag="005">20161230201052</controlfield><controlfield tag="008">130125s1000------------r-----000-0-rus-d</controlfield><datafield ind1=" " ind2=" " tag="040"><subfield code="a">IFIN-HH</subfield></datafield><datafield ind1=" " ind2=" " tag="041"><subfield code="a">rus</subfield></datafield><datafield ind1=" " ind2=" " tag="080"><subfield code="a">539.4</subfield></datafield><datafield ind1="1" ind2=" " tag="100"><subfield code="a">Ivanov,N.I.(otv.red.)</subfield></datafield><datafield ind1="1" ind2="0" tag="245"><subfield code="a">Sbornik zadaci po soprotivleniiu materialov</subfield><subfield code="c">Ivanov, n.i</subfield></datafield><datafield ind1=" " ind2=" " tag="260"><subfield code="a">Moskva</subfield><subfield code="b">Tehniko-teoreticeskoi Literaturi</subfield><subfield code="c">1951</subfield></datafield><datafield ind1=" " ind2=" " tag="300"><subfield code="a">280P</subfield></datafield><datafield ind1=" " ind2=" " tag="852"><subfield code="a">296</subfield><subfield code="c">539.4</subfield></datafield><datafield ind1=" " ind2=" " tag="CAT"><subfield code="a">Sys</subfield><subfield code="c">20130125</subfield><subfield code="h">124056</subfield></datafield></record></collection>